<?xml version="1.0" encoding="UTF-8"?><collection xmlns="http://www.loc.gov/MARC21/slim"><record><leader>00490nam--2200169-i-4500</leader><controlfield tag="001">000014107</controlfield><controlfield tag="002">20161230</controlfield><controlfield tag="005">20161230201030</controlfield><controlfield tag="008">060222s1000------------r-----000-0-eng-d</controlfield><datafield ind1=" " ind2=" " tag="040"><subfield code="a">IFIN-HH</subfield></datafield><datafield ind1=" " ind2=" " tag="080"><subfield code="a">805.90(038)</subfield></datafield><datafield ind1="1" ind2=" " tag="100"><subfield code="a">Avram, Mioara</subfield></datafield><datafield ind1="1" ind2="0" tag="245"><subfield code="a">Dictionarul ortografic, ortopedic si morfologic al limbii romane</subfield><subfield code="c">Mioara avram (redactor responsabil)</subfield></datafield><datafield ind1=" " ind2=" " tag="260"><subfield code="a">Bucuresti</subfield><subfield code="b">Editura Academiei Rsr</subfield><subfield code="c">1982</subfield></datafield><datafield ind1=" " ind2=" " tag="300"><subfield code="a">698P</subfield></datafield><datafield ind1=" " ind2=" " tag="852"><subfield code="a">D.575</subfield><subfield code="c">SLG</subfield></datafield><datafield ind1=" " ind2=" " tag="CAT"><subfield code="a">Sys</subfield><subfield code="c">20130212</subfield><subfield code="h">122148</subfield></datafield></record></collection>